<?xml version="1.0" encoding="UTF-8"?><collection xmlns="http://www.loc.gov/MARC21/slim"><record><leader>00659nam--2200193-i-4500</leader><controlfield tag="001">000020344</controlfield><controlfield tag="002">20161230</controlfield><controlfield tag="005">20161230201033</controlfield><controlfield tag="008">060222s1000------------r-----000-0-eng-d</controlfield><datafield ind1=" " ind2=" " tag="020"><subfield code="a">9971966549</subfield></datafield><datafield ind1=" " ind2=" " tag="040"><subfield code="a">IFIN-HH</subfield></datafield><datafield ind1=" " ind2=" " tag="080"><subfield code="a">539.17:539.16.07(061.3)</subfield></datafield><datafield ind1="1" ind2=" " tag="100"><subfield code="a">Ejiri, H./S.A.</subfield></datafield><datafield ind1="1" ind2="0" tag="245"><subfield code="a">Nuclear spectroscopy and nuclear interactions</subfield><subfield code="b">Proceedings of the international symposium on nuclear spectroscopy and nuclear interactions osaka, march 21-24, 1984</subfield><subfield code="c">H. ejiri, t. fukuda (eds.)</subfield></datafield><datafield ind1=" " ind2=" " tag="260"><subfield code="a">Singapore</subfield><subfield code="b">World Scientific</subfield><subfield code="c">1984</subfield></datafield><datafield ind1=" " ind2=" " tag="300"><subfield code="a">XVIII + 757P</subfield></datafield><datafield ind1="1" ind2=" " tag="700"><subfield code="a">Fukuda, T</subfield><subfield code="e">Ed</subfield></datafield><datafield ind1=" " ind2=" " tag="852"><subfield code="a">72830</subfield><subfield code="c">539.163.2</subfield></datafield><datafield ind1=" " ind2=" " tag="CAT"><subfield code="a">Sys</subfield><subfield code="c">20120528</subfield><subfield code="h">104343</subfield></datafield></record></collection>